@misc{vanham,
      author = {van Ham, F. and van de Wetering, H. and van Wijk, J.J.},
      title = {Visualization of State Transition Graphs},
      year = {2001},
      howpublished = {\url{http://www.win.tue.nl//~wstahw/papers/infovis2001_2.pdf}}
},

@misc{magee,
      author = {Magee, J. and Pryce, N. and Giannakopoulou, D. and Kramer, J.},
      title = {"Graphical {Animation} of {Behavior} {Models}},
      month = {May},
      year = {2000},
      howpublished = {\url{http://ti.arc.nasa.gov/m/profile/dimitra/publications/icse00.pdf}}
},

@misc{belinfante1,
	  author = {Belinfante, A.},
      title = {JTorX: a {Tool} for {On-Line} {Model-Driven} {Test} {Derivation} and {Execution}},
      howpublished = {\url{http://eprints.eemcs.utwente.nl/17751/01/main.pdf}}
},

@misc{belinfante2,
      author = {Belinfante, A.},
      title = {TorXviz},
      month = {March},
      year = {2006},
      howpublished = {\url{http://fmt.cs.utwente.nl/tools/torxviz/}}
},

@misc{diethelm,
      author = {Diethelm, I. and Jubeh, R. and Koch, A and ZÃ¼ndorf, A.},
      title = {WhiteSocks - {A} simple {GUI} {Framework} for {Fujaba}},
      month = {October},
      year = {2007},
      howpublished = {\url{http://www.fujaba.de/fileadmin/Informatik/Fujaba/Resources/Publications/Fujaba_Days/FD07Proceedings.pdf\#page=38}}
},